This file was created with JabRef 2.2.
Encoding: MacRoman

------------------------------------------------
EWAS Catalog
------------------------------------------------
@article{Relton2010,
author = {Relton, Caroline L. and {Davey Smith}, George},
doi = {10.1371/journal.pmed.1000356},
file = {:Users/tb13101/Library/Application Support/Mendeley Desktop/Downloaded/Relton, Davey Smith - 2010 - Epigenetic Epidemiology of Common Complex Disease Prospects for Prediction, Prevention, and Treatment.pdf:pdf},
issn = {1549-1676},
journal = {PLoS Medicine},
mendeley-groups = {PhD/Main project,PhD/Thesis/ewas{\_}catalog},
month = {oct},
number = {10},
pages = {e1000356},
publisher = {Public Library of Science},
title = {{Epigenetic Epidemiology of Common Complex Disease: Prospects for Prediction, Prevention, and Treatment}},
url = {http://dx.plos.org/10.1371/journal.pmed.1000356},
volume = {7},
year = {2010}
}

@article{Mill2013,
author = {Mill, Jonathan and Heijmans, Bastiaan T.},
doi = {10.1038/nrg3405},
isbn = {1471-0064 (Electronic)$\backslash$r1471-0056 (Linking)},
issn = {1471-0056},
journal = {Nature Reviews Genetics},
mendeley-groups = {PhD/Main project/Initial reading,PhD/Thesis/ewas{\_}catalog},
number = {8},
pages = {585--594},
pmid = {23817309},
title = {{From promises to practical strategies in epigenetic epidemiology}},
url = {http://www.nature.com/doifinder/10.1038/nrg3405},
volume = {14},
year = {2013}
}

@article{Rakyan2011,
author = {Rakyan, Vardhman K. and Down, Thomas A. and Balding, David J. and Beck, Stephan},
doi = {10.1038/nrg3000},
file = {:Users/tb13101/Library/Application Support/Mendeley Desktop/Downloaded/Rakyan et al. - 2011 - Epigenome-wide association studies for common human diseases.pdf:pdf},
issn = {1471-0056},
journal = {Nature Reviews Genetics},
keywords = {Disease genetics,Epigenetics,Epigenomics,Genetic variation,Genome,Quantitative trait,wide association studies},
mendeley-groups = {PhD/Main project,PhD/Main project/Annual review,PhD/Thesis/ewas{\_}catalog},
month = {aug},
number = {8},
pages = {529--541},
publisher = {Nature Publishing Group},
title = {{Epigenome-wide association studies for common human diseases}},
url = {http://www.nature.com/articles/nrg3000},
volume = {12},
year = {2011}
}

@article{Joehanes2016,
author = {Joehanes, Roby and Just, Allan C. and Marioni, Riccardo E. and Pilling, Luke C. and Reynolds, Lindsay M. and Mandaviya, Pooja R. and Guan, Weihua and Xu, Tao and Elks, Cathy E. and Aslibekyan, Stella and Moreno-Macias, Hortensia and Smith, Jennifer A. and Brody, Jennifer A. and Dhingra, Radhika and Yousefi, Paul and Pankow, James S. and Kunze, Sonja and Shah, Sonia H. and McRae, Allan F. and Lohman, Kurt and Sha, Jin and Absher, Devin M. and Ferrucci, Luigi and Zhao, Wei and Demerath, Ellen W. and Bressler, Jan and Grove, Megan L. and Huan, Tianxiao and Liu, Chunyu and Mendelson, Michael M. and Yao, Chen and Kiel, Douglas P. and Peters, Annette and Wang-Sattler, Rui and Visscher, Peter M. and Wray, Naomi R. and Starr, John M. and Ding, Jingzhong and Rodriguez, Carlos J. and Wareham, Nicholas J. and Irvin, Marguerite R. and Zhi, Degui and Barrdahl, Myrto and Vineis, Paolo and Ambatipudi, Srikant and Uitterlinden, Andr?? G. and Hofman, Albert and Schwartz, Joel and Colicino, Elena and Hou, Lifang and Vokonas, Pantel S. and Hernandez, Dena G. and Singleton, Andrew B. and Bandinelli, Stefania and Turner, Stephen T. and Ware, Erin B. and Smith, Alicia K. and Klengel, Torsten and Binder, Elisabeth B. and Psaty, Bruce M. and Taylor, Kent D. and Gharib, Sina A. and Swenson, Brenton R. and Liang, Liming and Demeo, Dawn L. and O'Connor, George T. and Herceg, Zdenko and Ressler, Kerry J. and Conneely, Karen N. and Sotoodehnia, Nona and Kardia, Sharon L R and Melzer, David and Baccarelli, Andrea A. and {Van Meurs}, Joyce B J and Romieu, Isabelle and Arnett, Donna K. and Ong, Ken K. and Liu, Yongmei and Waldenberger, Melanie and Deary, Ian J. and Fornage, Myriam and Levy, Daniel and London, Stephanie J.},
doi = {10.1161/CIRCGENETICS.116.001506},
file = {:Users/tb13101/Library/Application Support/Mendeley Desktop/Downloaded/Joehanes et al. - 2016 - Epigenetic Signatures of Cigarette Smoking.pdf:pdf},
issn = {19423268},
journal = {Circulation: Cardiovascular Genetics},
keywords = {biomarkers,genome-wide association study,meta-analysis,methylation,smoking},
mendeley-groups = {PhD/Mini-project 2,PhD/Thesis/ewas{\_}catalog},
number = {5},
pages = {436--447},
pmid = {27651444},
title = {{Epigenetic Signatures of Cigarette Smoking}},
volume = {9},
year = {2016}
}

@article{Wahl2017,
author = {Wahl, Simone and Drong, Alexander and Lehne, Benjamin and Loh, Marie and Scott, William R and Kunze, Sonja and Tsai, Pei-Chien and Ried, Janina S and Zhang, Weihua and Yang, Youwen and Tan, Sili and Fiorito, Giovanni and Franke, Lude and Guarrera, Simonetta and Kasela, Silva and Kriebel, Jennifer and Richmond, Rebecca C and Adamo, Marco and Afzal, Uzma and Ala-Korpela, Mika and Albetti, Benedetta and Ammerpohl, Ole and Apperley, Jane F and Beekman, Marian and Bertazzi, Pier Alberto and Black, S Lucas and Blancher, Christine and Bonder, Marc-Jan and Brosch, Mario and Carstensen-Kirberg, Maren and de Craen, Anton J M and de Lusignan, Simon and Dehghan, Abbas and Elkalaawy, Mohamed and Fischer, Krista and Franco, Oscar H and Gaunt, Tom R and Hampe, Jochen and Hashemi, Majid and Isaacs, Aaron and Jenkinson, Andrew and Jha, Sujeet and Kato, Norihiro and Krogh, Vittorio and Laffan, Michael and Meisinger, Christa and Meitinger, Thomas and Mok, Zuan Yu and Motta, Valeria and Ng, Hong Kiat and Nikolakopoulou, Zacharoula and Nteliopoulos, Georgios and Panico, Salvatore and Pervjakova, Natalia and Prokisch, Holger and Rathmann, Wolfgang and Roden, Michael and Rota, Federica and Rozario, Michelle Ann and Sandling, Johanna K and Schafmayer, Clemens and Schramm, Katharina and Siebert, Reiner and Slagboom, P Eline and Soininen, Pasi and Stolk, Lisette and Strauch, Konstantin and Tai, E-Shyong and Tarantini, Letizia and Thorand, Barbara and Tigchelaar, Ettje F and Tumino, Rosario and Uitterlinden, Andre G and van Duijn, Cornelia and van Meurs, Joyce B J and Vineis, Paolo and Wickremasinghe, Ananda Rajitha and Wijmenga, Cisca and Yang, Tsun-Po and Yuan, Wei and Zhernakova, Alexandra and Batterham, Rachel L and Smith, George Davey and Deloukas, Panos and Heijmans, Bastiaan T and Herder, Christian and Hofman, Albert and Lindgren, Cecilia M and Milani, Lili and van der Harst, Pim and Peters, Annette and Illig, Thomas and Relton, Caroline L and Waldenberger, Melanie and J{\"{a}}rvelin, Marjo-Riitta and Bollati, Valentina and Soong, Richie and Spector, Tim D and Scott, James and McCarthy, Mark I and Elliott, Paul and Bell, Jordana T and Matullo, Giuseppe and Gieger, Christian and Kooner, Jaspal S and Grallert, Harald and Chambers, John C},
doi = {10.1038/nature20784},
isbn = {1476-4687 (Electronic)$\backslash$r0028-0836 (Linking)},
issn = {1476-4687},
journal = {Nature},
mendeley-groups = {PhD/Main project/Random,PhD/Thesis/ewas{\_}catalog},
number = {7635},
pages = {81--86},
pmid = {28002404},
title = {{Epigenome-wide association study of body mass index, and the adverse outcomes of adiposity.}},
url = {http://dx.doi.org/10.1038/nature20784},
volume = {541},
year = {2017}
}

@article{Horvath2013,
author = {Horvath, Steve},
doi = {10.1186/gb-2013-14-10-r115},
file = {:Users/tb13101/Library/Application Support/Mendeley Desktop/Downloaded/Horvath - 2013 - DNA methylation age of human tissues and cell types.pdf:pdf},
issn = {1465-6906},
journal = {Genome Biology},
keywords = {Animal Genetics and Genomics,Bioinformatics,Evolutionary Biology,Human Genetics,Microbial Genetics and Genomics,Plant Genetics {\&} Genomics},
mendeley-groups = {PhD/Main project,PhD/Thesis/ewas{\_}catalog},
month = {dec},
number = {10},
pages = {R115},
publisher = {BioMed Central},
title = {{DNA methylation age of human tissues and cell types}},
url = {http://genomebiology.biomedcentral.com/articles/10.1186/gb-2013-14-10-r115},
volume = {14},
year = {2013}
}

@article{Banos2018,
author = {Banos, Daniel Trejo and McCartney, Daniel L and Battram, Tom and Hemani, Gibran and Walker, Rosie M and Morris, Stewart W and Zhang, Qian and Porteous, David J and McRae, Allan F and Wray, Naomi R and Visscher, Peter M and Haley, Chris S and Evans, Kathryn L and Deary, Ian J and McIntosh, Andrew M and Marioni, Riccardo E and Robinson, Matthew R},
doi = {10.1101/450288},
journal = {bioRxiv},
mendeley-groups = {PhD/Main project/ewas{\_}catalog,PhD/Thesis/ewas{\_}catalog},
month = {jan},
pages = {450288},
title = {{Bayesian reassessment of the epigenetic architecture of complex traits}},
url = {http://biorxiv.org/content/early/2018/11/14/450288.abstract},
year = {2018}
}

@article{Buniello2019,
author = {Buniello, Annalisa and Macarthur, Jacqueline A.L. and Cerezo, Maria and Harris, Laura W. and Hayhurst, James and Malangone, Cinzia and McMahon, Aoife and Morales, Joannella and Mountjoy, Edward and Sollis, Elliot and Suveges, Daniel and Vrousgou, Olga and Whetzel, Patricia L. and Amode, Ridwan and Guillen, Jose A. and Riat, Harpreet S. and Trevanion, Stephen J. and Hall, Peggy and Junkins, Heather and Flicek, Paul and Burdett, Tony and Hindorff, Lucia A. and Cunningham, Fiona and Parkinson, Helen},
doi = {10.1093/nar/gky1120},
issn = {13624962},
journal = {Nucleic Acids Research},
mendeley-groups = {PhD/Main project/ewas{\_}catalog,PhD/Thesis/ewas{\_}catalog},
title = {{The NHGRI-EBI GWAS Catalog of published genome-wide association studies, targeted arrays and summary statistics 2019}},
year = {2019}
}

@article{Li2019,
author = {Li, Mengwei and Zou, Dong and Li, Zhaohua and Gao, Ran and Sang, Jian and Zhang, Yuansheng and Li, Rujiao and Xia, Lin and Zhang, Tao and Niu, Guangyi and Bao, Yiming and Zhang, Zhang},
doi = {10.1093/nar/gky1027},
issn = {13624962},
journal = {Nucleic Acids Research},
mendeley-groups = {PhD/Epigenetics,PhD/Thesis/ewas{\_}catalog},
title = {{EWAS Atlas: A curated knowledgebase of epigenome-wide association studies}},
year = {2019}
}

@article{Huang2015,
author = {Huang, Wei Yun and Hsu, Sheng Da and Huang, Hsi Yuan and Sun, Yi Ming and Chou, Chih Hung and Weng, Shun Long and Huang, Hsien Da},
doi = {10.1093/nar/gku1151},
issn = {13624962},
journal = {Nucleic Acids Research},
mendeley-groups = {PhD/Main project/ewas{\_}catalog,PhD/Thesis/ewas{\_}catalog},
title = {{MethHC: A database of DNA methylation and gene expression in human cancer}},
year = {2015}
}

@article{Fraser2013,
author = {Fraser, Abigail and Macdonald-wallis, Corrie and Tilling, Kate and Boyd, Andy and Golding, Jean and Davey smith, George and Henderson, John and Macleod, John and Molloy, Lynn and Ness, Andy and Ring, Susan and Nelson, Scott M. and Lawlor, Debbie A.},
doi = {10.1093/ije/dys066},
isbn = {1464-3685 (Electronic)$\backslash$r0300-5771 (Linking)},
issn = {03005771},
journal = {International Journal of Epidemiology},
mendeley-groups = {PhD/Thesis/ewas{\_}catalog},
pmid = {22507742},
title = {{Cohort profile: The avon longitudinal study of parents and children: ALSPAC mothers cohort}},
year = {2013}
}

@article{Boyd2013,
author = {Boyd, Andy and Golding, Jean and Macleod, John and Lawlor, Debbie A. and Fraser, Abigail and Henderson, John and Molloy, Lynn and Ness, Andy and Ring, Susan and Smith, George Davey},
doi = {10.1093/ije/dys064},
isbn = {1464-3685 (Electronic)$\backslash$r0300-5771 (Linking)},
issn = {03005771},
journal = {International Journal of Epidemiology},
mendeley-groups = {PhD/Thesis/ewas{\_}catalog},
number = {1},
pages = {111--127},
pmid = {22507743},
title = {{Cohort profile: The 'Children of the 90s'-The index offspring of the avon longitudinal study of parents and children}},
volume = {42},
year = {2013}
}

@article{Li2011,
author = {Li, Heng},
doi = {10.1093/bioinformatics/btq671},
issn = {13674803},
journal = {Bioinformatics},
mendeley-groups = {PhD/Thesis/ewas{\_}catalog},
title = {{Tabix: Fast retrieval of sequence features from generic TAB-delimited files}},
year = {2011}
}

@article{Relton2015,
annote = {10.1093/ije/dyv072},
author = {Relton, Caroline L and Gaunt, Tom and McArdle, Wendy and Ho, Karen and Duggirala, Aparna and Shihab, Hashem and Woodward, Geoff and Lyttleton, Oliver and Evans, David M and Reik, Wolf and Paul, Yu-Lee and Ficz, Gabriella and Ozanne, Susan E and Wipat, Anil and Flanagan, Keith and Lister, Allyson and Heijmans, Bastiaan T and Ring, Susan M and {Davey Smith}, George},
issn = {0300-5771},
journal = {International Journal of Epidemiology},
mendeley-groups = {PhD/Mini-project 2,PhD/Main project/ewas{\_}catalog,PhD/Thesis/ewas{\_}catalog},
month = {aug},
number = {4},
pages = {1181--1190},
title = {{Data Resource Profile: Accessible Resource for Integrated Epigenomic Studies (ARIES)}},
url = {http://dx.doi.org/10.1093/ije/dyv072},
volume = {44},
year = {2015}
}

@article{Chen2017,
author = {Chen, Jun and Behnam, Ehsan and Huang, Jinyan and Moffatt, Miriam F. and Schaid, Daniel J. and Liang, Liming and Lin, Xihong},
doi = {10.1186/s12864-017-3808-1},
issn = {14712164},
journal = {BMC Genomics},
keywords = {Cell mixture,DNA methylation,Epigenome-wide association,Surrogate variable analysis},
mendeley-groups = {PhD/Main project/ewas{\_}catalog,PhD/Thesis/ewas{\_}catalog},
title = {{Fast and robust adjustment of cell mixtures in epigenome-wide association studies with SmartSVA}},
year = {2017}
}

------------------------------------------------
Properties of EWAS
------------------------------------------------

------------------------------------------------
m2
------------------------------------------------

------------------------------------------------
EWAS-GWAS comparison
------------------------------------------------

------------------------------------------------
DNA methylation-lung cancer MR
------------------------------------------------
@article{Ferlay2013,
archivePrefix = {arXiv},
arxivId = {arXiv:1011.1669v3},
author = {Ferlay, J. and Soerjomataram, I. and Ervik, M. and Dikshit, R. and Eser, S. and Mathers, C. and Rebelo, M. and Parkin, D.M. and Forman, D. and Bray, F.},
booktitle = {Lyon, France: International Agency for Research on Cancer.},
doi = {10.1016/j.ucl.2013.01.011},
eprint = {arXiv:1011.1669v3},
isbn = {13 9789283204299},
issn = {00940143},
mendeley-groups = {PhD/Mini-project 2,PhD/Thesis/dnam-lungcancer},
pages = {http://globocan.iarc.f},
pmid = {25246403},
title = {{GLOBOCAN 2012 v1.0, Cancer Incidence and Mortality Worldwide: IARC CancerBase. No. 11 [Internet].}},
volume = {11},
year = {2013}
}

@article{Fasanelli2015,
author = {Fasanelli, Francesca and Baglietto, Laura and Ponzi, Erica and Guida, Florence and Campanella, Gianluca and Johansson, Mattias and Grankvist, Kjell and Johansson, Mikael and Assumma, Manuela Bianca and Naccarati, Alessio and Chadeau-Hyam, Marc and Ala, Ugo and Faltus, Christian and Kaaks, Rudolf and Risch, Angela and {De Stavola}, Bianca and Hodge, Allison and Giles, Graham G. and Southey, Melissa C. and Relton, Caroline L. and Haycock, Philip C. and Lund, Eiliv and Polidoro, Silvia and Sandanger, Torkjel M. and Severi, Gianluca and Vineis, Paolo},
doi = {10.1038/ncomms10192},
file = {:Users/tb13101/Library/Application Support/Mendeley Desktop/Downloaded/Fasanelli et al. - 2015 - Hypomethylation of smoking-related genes is associated with future lung cancer in four prospective cohorts.docx:docx},
issn = {2041-1723},
journal = {Nature Communications},
mendeley-groups = {PhD/Mini-project 2,PhD/Main project/Annual review,PhD/Thesis/dnam-lungcancer},
pages = {10192},
pmid = {26667048},
title = {{Hypomethylation of smoking-related genes is associated with future lung cancer in four prospective cohorts}},
url = {http://www.nature.com/doifinder/10.1038/ncomms10192},
volume = {6},
year = {2015}
}

@article{Baglietto2017,
author = {Baglietto, Laura and Ponzi, Erica and Haycock, Philip and Hodge, Allison and {Bianca Assumma}, Manuela and Jung, Chol Hee and Chung, Jessica and Fasanelli, Francesca and Guida, Florence and Campanella, Gianluca and Chadeau-Hyam, Marc and Grankvist, Kjell and Johansson, Mikael and Ala, Ugo and Provero, Paolo and Wong, Ee Ming and Joo, Jihoon and English, Dallas R. and Kazmi, Nabila and Lund, Eiliv and Faltus, Christian and Kaaks, Rudolf and Risch, Angela and Barrdahl, Myrto and Sandanger, Torkjel M. and Southey, Melissa C. and Giles, Graham G. and Johansson, Mattias and Vineis, Paolo and Polidoro, Silvia and Relton, Caroline L. and Severi, Gianluca},
doi = {10.1002/ijc.30431},
issn = {10970215},
journal = {International Journal of Cancer},
keywords = {DNA methylation,lung cancer risk,smoking},
mendeley-groups = {PhD/Mini-project 2,PhD/Thesis/dnam-lungcancer},
number = {1},
pages = {50--61},
pmid = {27632354},
title = {{DNA methylation changes measured in pre-diagnostic peripheral blood samples are associated with smoking and lung cancer risk}},
volume = {140},
year = {2017}
}

@article{McCarthy2016,
author = {McCarthy, Shane and Das, Sayantan and Kretzschmar, Warren and Delaneau, Olivier and Wood, Andrew R. and Teumer, Alexander and Kang, Hyun Min and Fuchsberger, Christian and Danecek, Petr and Sharp, Kevin and Luo, Yang and Sidore, Carlo and Kwong, Alan and Timpson, Nicholas and Koskinen, Seppo and Vrieze, Scott and Scott, Laura J. and Zhang, He and Mahajan, Anubha and Veldink, Jan and Peters, Ulrike and Pato, Carlos and {Van Duijn}, Cornelia M. and Gillies, Christopher E. and Gandin, Ilaria and Mezzavilla, Massimo and Gilly, Arthur and Cocca, Massimiliano and Traglia, Michela and Angius, Andrea and Barrett, Jeffrey C. and Boomsma, Dorrett and Branham, Kari and Breen, Gerome and Brummett, Chad M. and Busonero, Fabio and Campbell, Harry and Chan, Andrew and Chen, Sai and Chew, Emily and Collins, Francis S. and Corbin, Laura J. and Smith, George Davey and Dedoussis, George and Dorr, Marcus and Farmaki, Aliki Eleni and Ferrucci, Luigi and Forer, Lukas and Fraser, Ross M. and Gabriel, Stacey and Levy, Shawn and Groop, Leif and Harrison, Tabitha and Hattersley, Andrew and Holmen, Oddgeir L. and Hveem, Kristian and Kretzler, Matthias and Lee, James C. and McGue, Matt and Meitinger, Thomas and Melzer, David and Min, Josine L. and Mohlke, Karen L. and Vincent, John B. and Nauck, Matthias and Nickerson, Deborah and Palotie, Aarno and Pato, Michele and Pirastu, Nicola and McInnis, Melvin and Richards, J. Brent and Sala, Cinzia and Salomaa, Veikko and Schlessinger, David and Schoenherr, Sebastian and Slagboom, P. Eline and Small, Kerrin and Spector, Timothy and Stambolian, Dwight and Tuke, Marcus and Tuomilehto, Jaakko and {Van Den Berg}, Leonard H. and {Van Rheenen}, Wouter and Volker, Uwe and Wijmenga, Cisca and Toniolo, Daniela and Zeggini, Eleftheria and Gasparini, Paolo and Sampson, Matthew G. and Wilson, James F. and Frayling, Timothy and {De Bakker}, Paul I.W. and Swertz, Morris A. and McCarroll, Steven and Kooperberg, Charles and Dekker, Annelot and Altshuler, David and Willer, Cristen and Iacono, William and Ripatti, Samuli and Soranzo, Nicole and Walter, Klaudia and Swaroop, Anand and Cucca, Francesco and Anderson, Carl A. and Myers, Richard M. and Boehnke, Michael and McCarthy, Mark I. and Durbin, Richard and Abecasis, Gon{\c{c}}alo and Marchini, Jonathan},
doi = {10.1038/ng.3643},
issn = {15461718},
journal = {Nature Genetics},
mendeley-groups = {PhD/Thesis/dnam-lungcancer},
pmid = {27548312},
title = {{A reference panel of 64,976 haplotypes for genotype imputation}},
year = {2016}
}

@article{Strathdee2002,
author = {Strathdee, G. and Brown, R.},
doi = {10.1017/s1462399402004222},
issn = {1462-3994},
journal = {Expert Reviews in Molecular Medicine},
mendeley-groups = {PhD/Thesis/dnam-lungcancer},
title = {{Aberrant DNA methylation in cancer: potential clinical interventions}},
year = {2002}
}

@article{Jones2002,
author = {Jones, Peter a and Baylin, Stephen B},
doi = {10.1038/nrg816},
isbn = {1471-0056 (Print)$\backslash$r1471-0056 (Linking)},
issn = {1471-0056},
journal = {Nature reviews. Genetics},
keywords = {*DNA Methylation,Chromosome Mapping,DNA Methylation,Genetic Diseases,Genome,Genomic Imprinting/*genetics,Genomic Instability/*genetics,Human,Humans,Inborn/*genetics,Mass Screening,Mass Screening: methods,Neoplasms,Neoplasms/*genetics/metabolism,Neoplasms: genetics,Signal Transduction,Signal Transduction: genetics},
mendeley-groups = {PhD/Mini-project 2,PhD/Thesis/dnam-lungcancer},
number = {6},
pages = {415--28},
pmid = {16136652},
title = {{The fundamental role of epigenetic events in cancer.}},
url = {http://www.ncbi.nlm.nih.gov/pubmed/16136652{\%}5Cnhttp://www.ncbi.nlm.nih.gov/pubmed/12042769},
volume = {3},
year = {2002}
}

@article{Borghol2012,
author = {Borghol, Nada and Suderman, Matthew and Mcardle, Wendy and Racine, Ariane and Hallett, Michael and Pembrey, Marcus and Hertzman, Clyde and Power, Chris and Szyf, Moshe},
doi = {10.1093/ije/dyr147},
issn = {03005771},
journal = {International Journal of Epidemiology},
keywords = {1958 British birth cohort,Adult DNA methylation profile,Childhood socio-economic position},
mendeley-groups = {PhD/Thesis/dnam-lungcancer},
title = {{Associations with early-life socio-economic position in adult DNA methylation}},
year = {2012}
}

@article{Elliott2014,
author = {Elliott, Hannah R. and Tillin, Therese and McArdle, Wendy L. and Ho, Karen and Duggirala, Aparna and Frayling, Tim M. and Smith, George Davey and Hughes, Alun D. and Chaturvedi, Nish and Relton, Caroline L.},
doi = {10.1186/1868-7083-6-4},
issn = {18687083},
journal = {Clinical Epigenetics},
keywords = {Dna methylation,Epigenetic epidemiology,Ethnic differences,Prediction,Smoking},
mendeley-groups = {PhD/Thesis/dnam-lungcancer},
title = {{Differences in smoking associated DNA methylation patterns in South Asians and Europeans}},
year = {2014}
}

@article{Joehanes2016,
author = {Joehanes, Roby and Just, Allan C. and Marioni, Riccardo E. and Pilling, Luke C. and Reynolds, Lindsay M. and Mandaviya, Pooja R. and Guan, Weihua and Xu, Tao and Elks, Cathy E. and Aslibekyan, Stella and Moreno-Macias, Hortensia and Smith, Jennifer A. and Brody, Jennifer A. and Dhingra, Radhika and Yousefi, Paul and Pankow, James S. and Kunze, Sonja and Shah, Sonia H. and McRae, Allan F. and Lohman, Kurt and Sha, Jin and Absher, Devin M. and Ferrucci, Luigi and Zhao, Wei and Demerath, Ellen W. and Bressler, Jan and Grove, Megan L. and Huan, Tianxiao and Liu, Chunyu and Mendelson, Michael M. and Yao, Chen and Kiel, Douglas P. and Peters, Annette and Wang-Sattler, Rui and Visscher, Peter M. and Wray, Naomi R. and Starr, John M. and Ding, Jingzhong and Rodriguez, Carlos J. and Wareham, Nicholas J. and Irvin, Marguerite R. and Zhi, Degui and Barrdahl, Myrto and Vineis, Paolo and Ambatipudi, Srikant and Uitterlinden, Andr?? G. and Hofman, Albert and Schwartz, Joel and Colicino, Elena and Hou, Lifang and Vokonas, Pantel S. and Hernandez, Dena G. and Singleton, Andrew B. and Bandinelli, Stefania and Turner, Stephen T. and Ware, Erin B. and Smith, Alicia K. and Klengel, Torsten and Binder, Elisabeth B. and Psaty, Bruce M. and Taylor, Kent D. and Gharib, Sina A. and Swenson, Brenton R. and Liang, Liming and Demeo, Dawn L. and O'Connor, George T. and Herceg, Zdenko and Ressler, Kerry J. and Conneely, Karen N. and Sotoodehnia, Nona and Kardia, Sharon L R and Melzer, David and Baccarelli, Andrea A. and {Van Meurs}, Joyce B J and Romieu, Isabelle and Arnett, Donna K. and Ong, Ken K. and Liu, Yongmei and Waldenberger, Melanie and Deary, Ian J. and Fornage, Myriam and Levy, Daniel and London, Stephanie J.},
doi = {10.1161/CIRCGENETICS.116.001506},
file = {:Users/tb13101/Library/Application Support/Mendeley Desktop/Downloaded/Joehanes et al. - 2016 - Epigenetic Signatures of Cigarette Smoking.pdf:pdf},
issn = {19423268},
journal = {Circulation: Cardiovascular Genetics},
keywords = {biomarkers,genome-wide association study,meta-analysis,methylation,smoking},
mendeley-groups = {PhD/Mini-project 2,PhD/Thesis/ewas{\_}catalog,PhD/Thesis/dnam-lungcancer},
number = {5},
pages = {436--447},
pmid = {27651444},
title = {{Epigenetic Signatures of Cigarette Smoking}},
volume = {9},
year = {2016}
}

@article{Bojesen2017,
author = {Bojesen, S E and Timpson, N and Relton, C and Smith, G D and Nordestgaard, B G},
doi = {10.1136/thoraxjnl-2016-208789},
isbn = {0040-6376},
issn = {0040-6376},
journal = {Thorax},
keywords = {*morbidity,*mortality,*smoking cessation,allele,bisulfite,cancer risk,cancer screening,chronic obstructive lung disease,colorectal cancer,disease exacerbation,endogenous compound,female,genetic polymorphism,genotype,heart,human,leukocyte,lung cancer,major clinical study,male,methylation,ovary cancer,population,prediction,prostate cancer,statistical significance},
mendeley-groups = {PhD/Mini-project 2,PhD/Thesis/dnam-lungcancer},
pages = {no pagination},
pmid = {28100713},
title = {{AHRR (cg05575921) hypomethylation marks smoking behaviour, morbidity and mortality}},
url = {http://thorax.bmj.com/{\%}5Cnhttp://ovidsp.ovid.com/ovidweb.cgi?T=JS{\&}PAGE=reference{\&}D=emed18b{\&}NEWS=N{\&}AN=614280500},
year = {2017}
}

@article{Zudaire2008,
author = {Zudaire, Enrique and Cuesta, Natalia and Murty, Vundavalli and Woodson, Karen and Adams, Lisa and Gonzalez, Nieves and Mart{\'{i}}nez, Alfredo and Narayan, Gopeshwar and Kirsch, Ilan and Franklin, Wilbur and Hirsch, Fred and Birrer, Michael and Cuttitta, Frank},
doi = {10.1172/JCI30024},
isbn = {0021-9738},
issn = {0021-9738},
journal = {The Journal of clinical investigation},
keywords = {Animals,Apoptosis,Apoptosis: genetics,Cell Cycle,Cell Cycle: genetics,Cell Line, Tumor,Cell Movement,Cell Movement: genetics,Genes, Tumor Suppressor,Genes, Tumor Suppressor: drug effects,Genes, Tumor Suppressor: physiology,Humans,Mice,Neoplasm Transplantation,Neoplasms,Neoplasms: genetics,Neoplasms: metabolism,Neoplasms: pathology,RNA, Small Interfering,RNA, Small Interfering: pharmacology,Receptors, Aryl Hydrocarbon,Receptors, Aryl Hydrocarbon: antagonists {\&} inhibit,Receptors, Aryl Hydrocarbon: genetics,Receptors, Aryl Hydrocarbon: physiology},
mendeley-groups = {PhD/Mini-project 2,PhD/Thesis/dnam-lungcancer},
pmid = {18172554},
title = {{The aryl hydrocarbon receptor repressor is a putative tumor suppressor gene in multiple human cancers.}},
year = {2008}
}

@article{Richmond2016,
author = {Richmond, R C and Hemani, G and Tilling, K and {Davey Smith}, G and Relton, C L},
doi = {10.1093/hmg/ddw197},
issn = {1460-2083},
journal = {Human molecular genetics},
mendeley-groups = {PhD/Mini-project 2,PhD/Thesis/dnam-lungcancer},
month = {jul},
pages = {ddw197--},
pmid = {27439390},
title = {{Challenges and novel approaches for investigating molecular mediation.}},
url = {http://hmg.oxfordjournals.org/cgi/content/long/ddw197v2},
year = {2016}
}

@article{Fewell2007,
author = {Fewell, Zoe and {Davey Smith}, George and Sterne, Jonathan A.C.},
doi = {10.1093/aje/kwm165},
issn = {00029262},
journal = {American Journal of Epidemiology},
keywords = {Bias (epidemiology),Computer simulation,Confounding factors (epidemiology),Logistic models},
mendeley-groups = {PhD/Thesis/dnam-lungcancer},
pmid = {17615092},
title = {{The impact of residual and unmeasured confounding in epidemiologic studies: A simulation study}},
year = {2007}
}

@article{Munafo2012,
author = {Munaf{\`{o}}, Marcus R. and Timofeeva, Maria N. and Morris, Richard W. and Prieto-Merino, David and Sattar, Naveed and Brennan, Paul and Johnstone, Elaine C. and Relton, Caroline and Johnson, Paul C.D. and Walther, Donna and Whincup, Peter H. and Casas, Juan P. and Uhl, George R. and Vineis, Paolo and Padmanabhan, Sandosh and Jefferis, Barbara J. and Amuzu, Antoinette and Riboli, Elio and Upton, Mark N. and Aveyard, Paul and Ebrahim, Shah and Hingorani, Aroon D. and Watt, Graham and Palmer, Tom M. and Timpson, Nicholas J. and Bierut, L. J. and {Davey Smith}, George},
booktitle = {Journal of the National Cancer Institute},
doi = {10.1093/jnci/djs191},
issn = {14602105},
mendeley-groups = {PhD/Thesis/dnam-lungcancer},
title = {{Association between genetic variants on chromosome 15q25 locus and objective measures of Tobacco exposure}},
year = {2012}
}

@article{DaveySmith2014,
author = {{Davey Smith}, George and Hemani, Gibran},
doi = {10.1093/hmg/ddu328},
file = {:Users/tb13101/Library/Application Support/Mendeley Desktop/Downloaded/Davey Smith, Hemani - 2014 - Mendelian randomization genetic anchors for causal inference in epidemiological studies.pdf:pdf},
issn = {1460-2083},
journal = {Human molecular genetics},
mendeley-groups = {PhD/Mini-project 2,PhD/Epidemiology,PhD/Mini-project 1,PhD/Thesis/dnam-lungcancer},
month = {sep},
number = {R1},
pages = {R89--98},
pmid = {25064373},
title = {{Mendelian randomization: genetic anchors for causal inference in epidemiological studies.}},
url = {http://hmg.oxfordjournals.org/cgi/content/long/23/R1/R89},
volume = {23},
year = {2014}
}

@article{DaveySmith2003,
author = {{Davey Smith}, George and Ebrahim, Shah},
booktitle = {International Journal of Epidemiology},
doi = {10.1093/ije/dyg070},
issn = {03005771},
mendeley-groups = {PhD/Thesis/dnam-lungcancer},
pmid = {12689998},
title = {{'Mendelian randomization': Can genetic epidemiology contribute to understanding environmental determinants of disease?}},
year = {2003}
}

@article{Relton2012,
author = {Relton, Caroline L. and {Davey Smith}, George},
doi = {10.1093/ije/dyr233},
isbn = {1464-3685},
issn = {03005771},
journal = {International Journal of Epidemiology},
keywords = {Confounding,DNA methylation,Mediation,Mendelian randomization,Reverse causation},
mendeley-groups = {PhD/Mini-project 2,PhD/Thesis/dnam-lungcancer},
number = {1},
pages = {161--176},
pmid = {22422451},
title = {{Two-step epigenetic mendelian randomization: A strategy for establishing the causal role of epigenetic processes in pathways to disease}},
volume = {41},
year = {2012}
}

@article{Relton2015,
author = {Relton, Caroline L. and {Davey Smith}, George},
booktitle = {Epigenomics},
doi = {10.2217/epi.15.88},
issn = {1750192X},
keywords = {Causal inference,DNA methylation,SNP,epidemiology,epigenetics,mediation},
mendeley-groups = {PhD/Thesis/dnam-lungcancer},
title = {{Mendelian randomization: Applications and limitations in epigenetic studies}},
year = {2015}
}

@article{Richardson2017,
author = {Richardson, Tom G. and Zheng, Jie and {Davey Smith}, George and Timpson, Nicholas J. and Gaunt, Tom R. and Relton, Caroline L. and Hemani, Gibran},
doi = {10.1016/j.ajhg.2017.09.003},
issn = {15376605},
journal = {American Journal of Human Genetics},
keywords = {DNA methylation,Mendelian randomization,cardiovascular disease,causal inference,epigenome-wide association studies},
pmid = {28985495},
title = {{Mendelian Randomization Analysis Identifies CpG Sites as Putative Mediators for Genetic Influences on Cardiovascular Disease Risk}},
year = {2017}
}

@article{Gaunt2016,
author = {Gaunt, Tom R. and Shihab, Hashem A. and Hemani, Gibran and Min, Josine L. and Woodward, Geoff and Lyttleton, Oliver and Zheng, Jie and Duggirala, Aparna and McArdle, Wendy L. and Ho, Karen and Ring, Susan M. and Evans, David M. and {Davey Smith}, George and Relton, Caroline L.},
doi = {10.1186/s13059-016-0926-z},
isbn = {1474-760X (Electronic)$\backslash$r1474-7596 (Linking)},
issn = {1474-760X},
journal = {Genome Biology},
keywords = {Cohort,DNA methylation,DNA methylation Background,Ge,Genetic association,Methylation quantitative trait loci,cohort,dna methylation,genetic association,mQTL,methylation quantitative trait loci,mqtl},
mendeley-groups = {PhD/Mini-project 2,PhD/Thesis/dnam-lungcancer},
number = {1},
pages = {61},
pmid = {27036880},
title = {{Systematic identification of genetic influences on methylation across the human life course}},
url = {http://genomebiology.biomedcentral.com/articles/10.1186/s13059-016-0926-z},
volume = {17},
year = {2016}
}

@misc{Leek2016,
author = {Leek, Jeffrey T and Johnson, W Evan and Parker, Hilary S and Fertig, Elana J and Jaffe, Andrew E and Storey, John D},
booktitle = {R package version 3.20.0.},
title = {{sva: Surrogate Variable Analysis}},
year = {2016}
}

@article{Houseman2012,
author = {Houseman, Eugene A. and Accomando, William P. and Koestler, Devin C. and Christensen, Brock C. and Marsit, Carmen J. and Nelson, Heather H. and Wiencke, John K. and Kelsey, Karl T.},
doi = {10.1186/1471-2105-13-86},
issn = {14712105},
journal = {BMC Bioinformatics},
mendeley-groups = {PhD/Thesis/dnam-lungcancer},
pmid = {22568884},
title = {{DNA methylation arrays as surrogate measures of cell mixture distribution}},
year = {2012}
}

@article{Inoue2010,
author = {Inoue, Atsushi and Solon, Gary},
doi = {10.1016/0304-4076(90)90061-W},
isbn = {00346535, 15309142},
issn = {03044076},
journal = {The Review of Economics and Statistics},
mendeley-groups = {PhD/Mini-project 2,PhD/Thesis/dnam-lungcancer},
number = {3},
pages = {557--561},
title = {{Two-Sample Instrumental variables estimators}},
volume = {92},
year = {2010}
}

@article{Pierce2013,
author = {Pierce, Brandon L. and Burgess, Stephen},
doi = {10.1093/aje/kwt084},
isbn = {1476-6256 (Electronic)$\backslash$r0002-9262 (Linking)},
issn = {00029262},
journal = {American Journal of Epidemiology},
keywords = {Mendelian randomization,epidemiologic methods,instrumental variable},
mendeley-groups = {PhD/Mini-project 2,PhD/Thesis/dnam-lungcancer},
number = {7},
pages = {1177--1184},
pmid = {23863760},
title = {{Efficient design for mendelian randomization studies: Subsample and 2-sample instrumental variable estimators}},
volume = {178},
year = {2013}
}

@article{McKay2017,
author = {McKay, James D and Hung, Rayjean J and Han, Younghun and Zong, Xuchen and Carreras-Torres, Robert and Christiani, David C and Caporaso, Neil E and Johansson, Mattias and Xiao, Xiangjun and Li, Yafang and Byun, Jinyoung and Dunning, Alison and Pooley, Karen A and Qian, David C and Ji, Xuemei and Liu, Geoffrey and Timofeeva, Maria N and Bojesen, Stig E and Wu, Xifeng and {Le Marchand}, Loic and Albanes, Demetrios and Bickeb{\"{o}}ller, Heike and Aldrich, Melinda C and Bush, William S and Tardon, Adonina and Rennert, Gad and Teare, M Dawn and Field, John K and Kiemeney, Lambertus A and Lazarus, Philip and Haugen, Aage and Lam, Stephen and Schabath, Matthew B and Andrew, Angeline S and Shen, Hongbing and Hong, Yun-Chul and Yuan, Jian-Min and Bertazzi, Pier Alberto and Pesatori, Angela C and Ye, Yuanqing and Diao, Nancy and Su, Li and Zhang, Ruyang and Brhane, Yonathan and Leighl, Natasha and Johansen, Jakob S and Mellemgaard, Anders and Saliba, Walid and Haiman, Christopher A and Wilkens, Lynne R and Fernandez-Somoano, Ana and Fernandez-Tardon, Guillermo and van der Heijden, Henricus F M and Kim, Jin Hee and Dai, Juncheng and Hu, Zhibin and Davies, Michael P A and Marcus, Michael W and Brunnstr{\"{o}}m, Hans and Manjer, Jonas and Melander, Olle and Muller, David C and Overvad, Kim and Trichopoulou, Antonia and Tumino, Rosario and Doherty, Jennifer A and Barnett, Matt P and Chen, Chu and Goodman, Gary E and Cox, Angela and Taylor, Fiona and Woll, Penella and Br{\"{u}}ske, Irene and Wichmann, H-Erich and Manz, Judith and Muley, Thomas R and Risch, Angela and Rosenberger, Albert and Grankvist, Kjell and Johansson, Mikael and Shepherd, Frances A and Tsao, Ming-Sound and Arnold, Susanne M and Haura, Eric B and Bolca, Ciprian and Holcatova, Ivana and Janout, Vladimir and Kontic, Milica and Lissowska, Jolanta and Mukeria, Anush and Ognjanovic, Simona and Orlowski, Tadeusz M and Scelo, Ghislaine and Swiatkowska, Beata and Zaridze, David and Bakke, Per and Skaug, Vidar and Zienolddiny, Shanbeh and Duell, Eric J and Butler, Lesley M and Koh, Woon-Puay and Gao, Yu-Tang and Houlston, Richard S and McLaughlin, John and Stevens, Victoria L and Joubert, Philippe and Lamontagne, Maxime and Nickle, David C and Obeidat, Ma'en and Timens, Wim and Zhu, Bin and Song, Lei and Kachuri, Linda and Artigas, Mar{\'{i}}a Soler and Tobin, Martin D and Wain, Louise V and {SpiroMeta Consortium}, Thorunn and Rafnar, Thorunn and Thorgeirsson, Thorgeir E and Reginsson, Gunnar W and Stefansson, Kari and Hancock, Dana B and Bierut, Laura J and Spitz, Margaret R and Gaddis, Nathan C and Lutz, Sharon M and Gu, Fangyi and Johnson, Eric O and Kamal, Ahsan and Pikielny, Claudio and Zhu, Dakai and Lindstr{\"{o}}em, Sara and Jiang, Xia and Tyndale, Rachel F and Chenevix-Trench, Georgia and Beesley, Jonathan and Boss{\'{e}}, Yohan and Chanock, Stephen and Brennan, Paul and Landi, Maria Teresa and Amos, Christopher I},
doi = {10.1038/ng.3892},
issn = {1546-1718},
journal = {Nature genetics},
mendeley-groups = {PhD/Mini-project 2,PhD/Thesis/dnam-lungcancer},
number = {7},
pages = {1126--1132},
pmid = {28604730},
title = {{Large-scale association analysis identifies new lung cancer susceptibility loci and heterogeneity in genetic susceptibility across histological subtypes.}},
url = {http://www.nature.com/doifinder/10.1038/ng.3892{\%}5Cnhttp://www.ncbi.nlm.nih.gov/pubmed/28604730},
volume = {49},
year = {2017}
}

@misc{Thomas2007,
author = {Thomas, Duncan C. and Lawlor, Debbie A. and Thompson, John R.},
booktitle = {Annals of Epidemiology},
doi = {10.1016/j.annepidem.2006.12.005},
issn = {10472797},
title = {{Re: Estimation of Bias in Nongenetic Observational Studies Using "Mendelian Triangulation" by Bautista et al.}},
year = {2007}
}

@article{Bowden2015,
author = {Bowden, Jack and Smith, George Davey and Burgess, Stephen},
doi = {10.1093/ije/dyv080},
isbn = {1464-3685 (Electronic)$\backslash$r0300-5771 (Linking)},
issn = {14643685},
journal = {International Journal of Epidemiology},
keywords = {Invalid instruments,MR-Egger test,Mendelian randomization,Meta-analysis,Pleiotropy,Small study bias},
mendeley-groups = {PhD/Mini-project 2,PhD/Thesis/dnam-lungcancer},
number = {2},
pages = {512--525},
pmid = {26050253},
title = {{Mendelian randomization with invalid instruments: Effect estimation and bias detection through Egger regression}},
url = {https://www.ncbi.nlm.nih.gov/pmc/articles/PMC4469799/},
volume = {44},
year = {2015}
}

@article{Zhan2016,
author = {Zhan, Xiaowei and Hu, Youna and Li, Bingshan and Abecasis, Goncalo R. and Liu, Dajiang J.},
doi = {10.1093/bioinformatics/btw079},
issn = {14602059},
journal = {Bioinformatics},
mendeley-groups = {PhD/Mini-project 2,PhD/Thesis/dnam-lungcancer},
number = {9},
pages = {1423--1426},
pmid = {27153000},
title = {{RVTESTS: An efficient and comprehensive tool for rare variant association analysis using sequence data}},
volume = {32},
year = {2016}
}

@article{Furberg2010,
author = {Furberg, Helena and Kim, Yunjung and Dackor, Jennifer and Boerwinkle, Eric and Franceschini, Nora and Ardissino, Diego and Bernardinelli, Luisa and Mannucci, Pier M. and Mauri, Francesco and Merlini, Piera A. and Absher, Devin and Assimes, Themistocles L. and Fortmann, Stephen P. and Iribarren, Carlos and Knowles, Joshua W. and Quertermous, Thomas and Ferrucci, Luigi and Tanaka, Toshiko and Bis, Joshua C. and Furberg, Curt D. and Haritunians, Talin and McKnight, Barbara and Psaty, Bruce M. and Taylor, Kent D. and Thacker, Evan L. and Almgren, Peter and Groop, Leif and Ladenvall, Claes and Boehnke, Michael and Jackson, Anne U. and Mohlke, Karen L. and Stringham, Heather M. and Tuomilehto, Jaakko and Benjamin, Emelia J. and Hwang, Shih Jen and Levy, Daniel and Preis, Sarah Rosner and Vasan, Ramachandran S. and Duan, Jubao and Gejman, Pablo V. and Levinson, Douglas F. and Sanders, Alan R. and Shi, Jianxin and Lips, Esther H. and McKay, James D. and Agudo, Antonio and Barzan, Luigi and Bencko, Vladimir and Benhamou, Simone and Castellsagu{\'{e}}, Xavier and Canova, Cristina and Conway, David I. and Fabianova, Eleonora and Foretova, Lenka and Janout, Vladimir and Healy, Claire M. and Holc{\'{a}}tov{\'{a}}, Ivana and Kjaerheim, Kristina and Lagiou, Pagona and Lissowska, Jolanta and Lowry, Ray and MacFarlane, Tatiana V. and Mates, Dana and Richiardi, Lorenzo and Rudnai, Peter and Szeszenia-Dabrowska, Neonilia and Zaridze, David and Znaor, Ariana and Lathrop, Mark and Brennan, Paul and Bandinelli, Stefania and Frayling, Timothy M. and Guralnik, Jack M. and Milaneschi, Yuri and Perry, John R.B. and Altshuler, David and Elosua, Roberto and Kathiresan, Sek and Lucas, Gavin and Melander, Olle and O'Donnell, Christopher J. and Salomaa, Veikko and Schwartz, Stephen M. and Voight, Benjamin F. and Penninx, Brenda W. and Smit, Johannes H. and Vogelzangs, Nicole and Boomsma, Dorret I. and {De Geus}, Eco J.C. and Vink, Jacqueline M. and Willemsen, Gonneke and Chanock, Stephen J. and Gu, Fangyi and Hankinson, Susan E. and Hunter, David J. and Hofman, Albert and Tiemeier, Henning and Uitterlinden, Andre G. and {Van Duijn}, Cornelia M. and Walter, Stefan and Chasman, Daniel I. and Everett, Brendan M. and Par{\'{e}}, Guillaume and Ridker, Paul M. and Li, Ming D. and Maes, Hermine H. and Audrain-Mcgovern, Janet and Posthuma, Danielle and Thornton, Laura M. and Lerman, Caryn and Kaprio, Jaakko and Rose, Jed E. and Ioannidis, John P.A. and Kraft, Peter and Lin, Dan Yu and Sullivan, Patrick F.},
doi = {10.1038/ng.571},
issn = {10614036},
journal = {Nature Genetics},
mendeley-groups = {PhD/Thesis/dnam-lungcancer},
pmid = {20418890},
title = {{Genome-wide meta-analyses identify multiple loci associated with smoking behavior}},
year = {2010}
}

@article{Haycock2016,
author = {Haycock, Philip C. and Burgess, Stephen and Wade, Kaitlin H. and Bowden, Jack and Relton, Caroline and Smith, George Davey},
journal = {American Journal of Clinical Nutrition},
doi = {10.3945/ajcn.115.118216},
issn = {19383207},
keywords = {Causality,Confounding,Evidence synthesis,Mendelian randomization,Observational epidemiology,Reverse causation},
mendeley-groups = {PhD/Thesis/dnam-lungcancer},
pmid = {26961927},
title = {{Best (but oft-forgotten) practices: The design, analysis, and interpretation of Mendelian randomization studies}},
year = {2016}
}


@article{Teschendorff2015,
author = {Teschendorff, Andrew E and Yang, Zhen and Wong, Andrew and Pipinikas, Christodoulos P and Jiao, Yinming and Jones, Allison and Anjum, Shahzia and Hardy, Rebecca and Salvesen, Helga B and Thirlwell, Christina and Janes, Samuel M and Kuh, Diana and Widschwendter, Martin},
doi = {10.1001/jamaoncol.2015.1053},
issn = {2374-2445},
journal = {JAMA oncology},
mendeley-groups = {PhD/Mini-project 2,PhD/Thesis/dnam-lungcancer},
number = {4},
pages = {476--85},
pmid = {26181258},
title = {{Correlation of Smoking-Associated DNA Methylation Changes in Buccal Cells With DNA Methylation Changes in Epithelial Cancer.}},
url = {http://oncology.jamanetwork.com/article.aspx?articleid=2293216},
volume = {1},
year = {2015}
}

@article{GTExConsortium2013,
archivePrefix = {arXiv},
arxivId = {NIHMS150003},
author = {{GTEx Consortium}, The GTEx},
doi = {10.1038/ng.2653},
eprint = {NIHMS150003},
isbn = {1546-1718 (Electronic) 1061-4036 (Linking)},
issn = {1546-1718},
journal = {Nature genetics},
mendeley-groups = {PhD/Mini-project 2,PhD/Thesis/dnam-lungcancer},
number = {6},
pages = {580--5},
pmid = {23715323},
title = {{The Genotype-Tissue Expression (GTEx) project.}},
url = {http://www.ncbi.nlm.nih.gov/pubmed/23715323{\%}5Cnhttp://www.pubmedcentral.nih.gov/articlerender.fcgi?artid=PMC4010069},
volume = {45},
year = {2013}
}

@article{Hemani2016,
author = {Hemani, Gibran and Zheng, Jie and Wade, Kaitlin H and Laurin, Charles and Elsworth, Benjamin and Burgess, Stephen and Bowden, Jack and Langdon, Ryan and Tan, Vanessa and Yarmolinsky, James and Shihab, Hashem A and Timpson, Nicholas and Evans, David M and Relton, Caroline and Martin, Richard M and {Davey Smith}, George and Gaunt, Tom R and Haycock, Philip C},
journal = {bioRxiv},
mendeley-groups = {PhD/Mini-project 2,PhD/Thesis/dnam-lungcancer},
month = {dec},
title = {{MR-Base: a platform for systematic causal inference across the phenome using billions of genetic associations}},
url = {http://biorxiv.org/content/early/2016/12/16/078972.abstract},
year = {2016}
}

@article{Benjamini1995,
author = {Benjamini, Yoav and Hochberg, Yosef},
doi = {10.1111/j.2517-6161.1995.tb02031.x},
issn = {0035-9246},
journal = {Journal of the Royal Statistical Society: Series B (Methodological)},
mendeley-groups = {PhD/Thesis/dnam-lungcancer},
title = {{Controlling the False Discovery Rate: A Practical and Powerful Approach to Multiple Testing}},
year = {1995}
}

@article{Hemani2017,
author = {Hemani, Gibran and Tilling, Kate and {Davey Smith}, George},
doi = {10.1371/journal.pgen.1007081},
issn = {15537404},
journal = {PLoS Genetics},
mendeley-groups = {PhD/Thesis/dnam-lungcancer},
pmid = {29149188},
title = {{Orienting the causal relationship between imprecisely measured traits using GWAS summary data}},
year = {2017}
}

@article{Burgess2011,
author = {Burgess, Stephen and Thompson, Simon G.},
doi = {10.1093/ije/dyr036},
issn = {03005771},
journal = {International Journal of Epidemiology},
keywords = {Bias,Causal inference,Instrumental variables,Mendelian randomization,Meta-analysis,Weak instruments},
mendeley-groups = {PhD/Thesis/dnam-lungcancer},
title = {{Avoiding bias from weak instruments in mendelian randomization studies}},
year = {2011}
}

@article{Shi2014,
author = {Shi, Jianxin and Marconett, Crystal N. and Duan, Jubao and Hyland, Paula L. and Li, Peng and Wang, Zhaoming and Wheeler, William and Zhou, Beiyun and Campan, Mihaela and Lee, Diane S. and Huang, Jing and Zhou, Weiyin and Triche, Tim and Amundadottir, Laufey and Warner, Andrew and Hutchinson, Amy and Chen, Po Han and Chung, Brian S.I. and Pesatori, Angela C. and Consonni, Dario and Bertazzi, Pier A.lberto and Bergen, Andrew W. and Freedman, Mathew and Siegmund, Kimberly D. and Berman, Benjamin P. and Borok, Zea and Chatterjee, Nilanjan and Tucker, Margaret A. and Caporaso, Neil E. and Chanock, Stephen J. and Laird-Offringa, Ite A. and Landi, Maria T.eresa},
doi = {10.1038/ncomms4365},
issn = {20411723},
journal = {Nature communications},
pmid = {24572595},
title = {{Characterizing the genetic basis of methylome diversity in histologically normal human lung tissue}},
year = {2014}
}

@article{Freeman2016,
author = {Freeman, Joshua R and Chu, Su and Hsu, Thomas and Huang, Yen-tsung},
doi = {10.18632/oncotarget.11831},
file = {:Users/tb13101/Library/Application Support/Mendeley Desktop/Downloaded/Freeman et al. - 2016 - Epigenome-wide association study of smoking and DNA methylation in non-small cell lung neoplasms.pdf:pdf},
issn = {19492553},
journal = {Oncotarget},
keywords = {2016,2016 accepted,2016 published,august 15,dna methylation,epigenetics,june 07,non-small cell lung cancer,received,september 02,smoking},
mendeley-groups = {PhD/Mini-project 2,PhD/Thesis/dnam-lungcancer},
number = {43},
title = {{Epigenome-wide association study of smoking and DNA methylation in non-small cell lung neoplasms}},
volume = {7},
year = {2016}
}

@article{Chen2017,
author = {Chen, Yuting and Widschwendter, Martin and Teschendorff, Andrew E.},
doi = {10.1186/s13059-017-1366-0},
issn = {1474760X},
journal = {Genome Biology},
keywords = {AHRR,Cancer,Causality,DNA methylation,EWAS,Gene expression,Regulatory network,Smoking,Transcription factor},
mendeley-groups = {PhD/Thesis/dnam-lungcancer},
title = {{Systems-epigenomics inference of transcription factor activity implicates aryl-hydrocarbon-receptor inactivation as a key event in lung cancer development}},
year = {2017}
}

@article{Gao2016,
author = {Gao, Xu and Zhang, Yan and Breitling, Lutz Philipp and Brenner, Hermann},
doi = {10.18632/oncotarget.10007},
issn = {19492553},
journal = {Oncotarget},
keywords = {DNA methylation,Lung cancer,Tobacco smoking,Whole blood sample},
mendeley-groups = {PhD/Thesis/dnam-lungcancer},
title = {{Tobacco smoking and methylation of genes related to lung cancer development}},
year = {2016}
}
